@misc {what_is_eduroam,
    title  = "What is eduroam? - eduroam",
    howpublished = "[online]",
    note = "[cit. 2016-09-10]",
    url    = "https://www.eduroam.org/what-is-eduroam/"
}

@misc {eduroam_where,
    title  = "Where can I eduroam? - eduroam",
    howpublished = "[online]",
    note = "[cit. 2016-12-04]",
    url    = "https://www.eduroam.org/where/"
}

@misc {geant1,
    title  = "How to deploy eduroam at national level eduroam - GÉANT federated confluence",
    howpublished = "[online]",
    note = "[cit. 2016-10-10]",
    url    = "https://wiki.geant.org/display/H2eduroam/How+to+deploy+eduroam+at+national+level"
}

@misc {monitor_eduroam,
    title  = "monitor-eduroam F-ticks page",
    howpublished = "[online]",
    note = "[cit. 2016-10-12]",
    url    = "http://monitor.eduroam.org/f-ticks/"
}

@misc {8021x,
    title  = "File:802-1X.png - Wikimedia Commons",
    howpublished = "[online]",
    note = "[cit. 2016-12-04]",
    url    = "https://commons.wikimedia.org/wiki/File:802-1X.png",
    author = "Felix Bauer"
}

@misc {fticks_draft,
    author = "Stefan Winter and Leif Johansson",
    title  = "draft-johansson-fticks-00 - F-Ticks - A Federation Log Format",
    howpublished = "[online]",
    note = "[cit. 2016-10-12]",
    url    = "https://tools.ietf.org/html/draft-johansson-fticks-00"
}

@misc {eduroam_caletka_pdf,
    author = "Ondřej Caletka",
    title  = "eduroam tajemství zbavený",
    howpublished = "[online]",
    note = "[cit. 2016-10-29]",
    url    = "https://www.linuxdays.cz/2016/video/Ondrej_Caletka-eduroam_tajemstvi_zbaveny.pdf"
}

@misc {eduroam_caletka_ytb,
    author = "Ondřej Caletka",
    title  = "LinuxDays 2016 - Místnost 105 - Neděle - YouTube",
    howpublished = "[online]",
    note = "[cit. 2016-10-29]",
    url    = "https://youtu.be/Rh9E4_4cOeE?list=PLlTxFw5y5UZsPo1NhZa4bq0OB3tBP0zEF&t=16439"
}

@misc {eduroam_radsec,
    title = "RadSec [eduroam.cz]",
    howpublished = "[online]",
    note = "[cit. 2016-10-29]",
    url = "https://www.eduroam.cz/cs/spravce/pripojovani/radsec/uvod"
}

@misc {duply,
    title = "Duply (simple duplicity) - duply",
    howpublished = "[online]",
    note = "[cit. 2016-11-17]",
    url = "http://duply.net/"
}

@misc {mongo_thp,
    title = "Disable Transparent Huge Pages (THP) -- MongoDB Manual 3.0",
    howpublished = "[online]",
    note = "[cit. 2016-12-06]",
    url = "https://docs.mongodb.com/v3.0/tutorial/transparent-huge-pages/"
}

@misc {rfc5580,
    author = "Hannes Tschofenig and Farid Adrangi and Mark Jones and Avi Lior and Bernard Aboba",
    title    = "RFC 5580 - Carrying Location Objects in RADIUS and Diameter",
    howpublished = "[online]",
    note = "[cit. 2016-12-08]",
    url = "https://tools.ietf.org/html/rfc5580"
}

@misc {rfc3748,
    author = "Bernard Aboba and Larry J. Blunk and John R. Vollbrecht and James Carlson and Henrik Levkowetz",
    title = "RFC 3748 - Extensible Authentication Protocol (EAP)",
    howpublished = "[online]",
    note = "[cit. 2016-12-25]",
    url = "https://tools.ietf.org/html/rfc3748"
}

@misc {rfc4017,
    author = "Dorothy Stanley and Jesse R. Walker and Bernard Aboba",
    title = "RFC 4017 - Extensible Authentication Protocol (EAP) Method Requirements for Wireless LANs",
    howpublished = "[online]",
    note = "[cit. 2016-12-25]",
    url = "https://tools.ietf.org/html/rfc4017"
}

@misc {rfc4234,
    author = "Dave Crocker and Paul Overell",
    title = "RFC 4234 - Augmented BNF for Syntax Specifications: ABNF",
    howpublished = "[online]",
    note = "[cit. 2016-12-25]",
    url = "https://tools.ietf.org/html/rfc4234"
}

@misc {rfc2865,
    author = "Carl Rigney and Allan C. Rubens and William Allen Simpson and Steve Willens",
    title = "RFC 2865 - Remote Authentication Dial In User Service (RADIUS)",
    howpublished = "[online]",
    note = "[cit. 2016-12-25]",
    url = "https://tools.ietf.org/html/rfc2865"
}

@misc {rfc2869,
    author = "Carl Rigney and Ward Willats and Pat R. Calhoun",
    title = "RFC 2869 - RADIUS Extensions",
    howpublished = "[online]",
    note = "[cit. 2016-12-25]",
    url = "https://tools.ietf.org/html/rfc2869"
}

@misc {eduroam_tutorial,
    author = "John Mitchell and Glen Johnson and Dave Worth Philippe Hanseta and Jeff Hagley",
    title = "eduroam Tutorial",
    howpublished = "[online]",
    note = "[cit. 2016-12-25]",
    url = "https://www.internet2.edu/presentations/jt2011summer/20110710-hagley-eduroamtutorial.pdf"
}

@misc {cisco_blog,
    author = "Michal Garcarz",
    title = "EAP-PEAP with Mschapv2: Decrypted and Decoded | Other Security Subjects | Cisco Support Community",
    howpublished = "[online]",
    note = "[cit. 2016-12-25]",
    url = "https://supportforums.cisco.com/blog/154046"
}

@misc {eap_peap,
    author = "Rasika Nayanajith",
    title = "CWSP- EAP PEAP | mrn-cciew",
    howpublished = "[online]",
    note = "[cit. 2016-12-26]",
    url = "https://mrncciew.com/2014/08/25/cwsp-eap-peap/"
}

@misc {radsec,
    author = "Jan Tomášek",
    title = "RadSec a IPsec",
    howpublished = "[online]",
    note = "[cit. 2016-12-26]",
    url = "https://www.eduroam.cz/_media/cs/spravce/pripojovani/radsec/seminar-resitelu-032008-radsec2.pdf",
}

@misc {radsec_whitepaper,
    title = "RadSec - Open System Consultants",
    howpublished = "[online]",
    note = "[cit. 2016-12-26]",
    url = "https://www.open.com.au/radiator/radsec-whitepaper.pdf"
}

@misc {nosql,
    author = "Christof Strauch",
    title = "NoSQL Databases",
    howpublished = "[online]",
    note = "[cit. 2016-12-26]",
    url = "http://www.christof-strauch.de/nosqldbs.pdf"
}

@misc {db_ranking,
    title = "DB-Engines Ranking - popularity ranking of database management systems",
    howpublished = "[online]",
    note = "[cit. 2016-12-26]",
    url = "http://db-engines.com/en/ranking"
}

@misc {db_comparsion,
    author = "Yishan Li and Sathiamoorthy Manoharan",
    title = "A performance comparison of SQL and NoSQL databases",
    howpublished = "[online]",
    note = "[cit. 2016-12-26]",
    url = "https://www.researchgate.net/profile/Yishan_Li/publication/261079289_A_performance_comparison_of_SQL_and_NoSQL_databases/links/564fbcf708aeafc2aab3ff73.pdf"
}

@misc {db_comparsion2,
    author = "Ameya Nayak and Anil Poriya and Dikshay Poojary",
    title = "Type of NOSQL Databases and its Comparison with Relational Databases",
    howpublished = "[online]",
    note = "[cit. 2016-12-26]",
    url = "http://research.ijais.org/volume5/number4/ijais12-450888.pdf"
}

@misc {nodejs,
    author = "Kuan-Lin Chiu",
    title = "Introduction of Node.js and its web frameworks",
    howpublished = "[online]",
    note = "[cit. 2016-12-26]",
    url = "https://sewiki.iai.uni-bonn.de/_media/teaching/labs/xp/2012b/seminar/12-nodejs.pdf"
}

@misc {express,
    author = "Evan M. Hahn",
    title = "Express in Action",
    howpublished = "[online]",
    note = "[cit. 2016-12-26]",
    url = "https://hackerstribe.com/wp-content/uploads/2016/04/Node.js-Express-in-Action.pdf",
}

@misc {aqp,
    title  = "api-query-params",
    howpublished = "[online]",
    note = "[cit. 2016-12-23]",
    url    = "https://www.npmjs.com/package/api-query-params"
}

@misc {eduid_cz,
    title  = "Česká akademická federace identit eduID.cz [eduID.cz]",
    howpublished = "[online]",
    note = "[cit. 2016-12-23]",
    url    = "http://www.eduid.cz/"
}

@misc {eduroam_cz,
    title  = "eduroam.cz [eduroam.cz]",
    howpublished = "[online]",
    note = "[cit. 2016-12-25]",
    url    = "http://eduroam.cz/"
}

@misc {here_docs,
    title  = "Here Documents",
    howpublished = "[online]",
    note = "[cit. 2016-12-30]",
    url    = "http://www.tldp.org/LDP/abs/html/here-docs.html"
}

@misc {lets_radsec,
    author = "Paul Dekkers",
    title  = "let’s RadSec eduroam",
    howpublished = "[online]",
    note = "[cit. 2016-12-30]",
    url    = "https://tnc16.geant.org/getfile/3008"
}


